@inproceedings{r26,
  title={{A}daptive splitting protocols for {RFID} tag collision arbitration},
  author={Myung, Jihoon and Lee, Wonjun},
  booktitle={Proc. of ACM Mobihoc},
  year={2006},
  organization={ACM}
}
@inproceedings{r48,
  title={Towards adaptive continuous scanning in large-scale rfid systems},
  author={Liu, Haoxiang and Gong, Wei and Miao, Xin and Liu, Kebin and He, Wenbo},
  booktitle={Proc. of IEEE INFOCOM},
  year={2014}
}
@ARTICLE{r66,
author={Namboodiri, V. and Lixin Gao},
journal={IEEE Transactions on Mobile Computing},
title={Energy-Aware Tag Anticollision Protocols for RFID Systems},
year={2010},
volume={9},
number={1},
pages={44-59},
}
@ARTICLE{r70, 
author={M. Kaneko and W. Hu and K. Hayashi and H. Sakai}, 
journal={IEEE Communications Letters}, 
title={Compressed Sensing-Based Tag Identification Protocol for a Passive RFID System}, 
year={2014}, 
volume={18}, 
number={11}, 
pages={2023-2026}, 
}
@INPROCEEDINGS{r71, 
author={M. Mayer and N. Grtz and J. Kaitovic}, 
booktitle={IEEE RFID Technology and Applications Conference (RFID-TA)}, 
title={RFID tag acquisition via compressed sensing}, 
year={2014}, 
}
@inproceedings{r72,
 author = {Wang, Jue and Hassanieh, Haitham and Katabi, Dina and Indyk, Piotr},
 title = {Efficient and Reliable Low-power Backscatter Networks},
 booktitle = {Proc. of the ACM SIGCOMM},
 year = {2012},
} 
@inproceedings{Li2010Identifying,
  title={Identifying the missing tags in a large RFID system},
  author={Li, Tao and Chen, Shigang and Ling, Yibei},
  booktitle={Proc. of ACM MOBIHOC},
  year={2010},
}
@inproceedings{Qiao2011Energy,
  title={Energy-efficient polling protocols in RFID systems.},
  author={Qiao, Yan and Chen, Shigang and Li, Tao and Chen, Shiping},
  booktitle={Proc. of ACM MOBIHOC},
  year={2011},
}
@article{Yue2014Unknown,
  title={Unknown-Target Information Collection in Sensor-Enabled RFID Systems},
  author={Yue, Hao and Zhang, Chi and Pan, Miao and Fang, Yuguang and Chen, Shigang},
  journal={IEEE/ACM Transactions on Networking},
  volume={22},
  number={4},
  pages={1164-1175},
  year={2014},
}
@article{Chen2013An,
  title={An Efficient Tag Search Protocol in Large-Scale RFID Systems With Noisy Channel},
  author={Chen, Min and Luo, Wen and Mo, Zhen and Chen, Shigang},
  journal={Proc. of IEEE INFOCOM},
  year={2013},
}
@article{Chen2011Efficient,
  title={Efficient information collection protocols for sensor-augmented RFID networks.},
  author={Chen, Shigang and Zhang, Ming and Xiao, Bin},
  journal={Proc. of IEEE INFOCOM},
  year={2011},
}
@inproceedings{dhukic2019advance,
	title={Is advance knowledge of flow sizes a plausible assumption?},
	author={Dukic, Vojislav and Jyothi, Sangeetha Abdu and Karlas, Bojan and Owaida, Muhsen and Zhang, Ce and Singla, Ankit},
	booktitle={Proc. of USENIX NSDI},
	year={2019}
}

@inproceedings{Rashelbach2020a,
	title={A Computational Approach to Packet Classification},
	author={Rashelbach, Alon  and  Rottenstreich, Ori  and  Silberstein, Mark},
	booktitle={Proc. of ACM SIGCOMM},
	year={2020}
}
